<?xml version="1.0" encoding="UTF-8"?><record xmlns="http://www.loc.gov/MARC21/slim" xmlns:cinclude="http://apache.org/cocoon/include/1.0" xmlns:zs="http://www.loc.gov/zing/srw/">
  <leader>01595cz  a2200325n  4500</leader>
  <controlfield tag="001">n  81145704 </controlfield>
  <controlfield tag="003">DLC</controlfield>
  <controlfield tag="005">20121231140556.0</controlfield>
  <controlfield tag="008">820218n| acannaabn          |b aaa      </controlfield>
  <datafield tag="010" ind1=" " ind2=" ">
    <subfield code="a">n  81145704 </subfield>
    <subfield code="z">n  85817717 </subfield>
  </datafield>
  <datafield tag="035" ind1=" " ind2=" ">
    <subfield code="a">(OCoLC)oca00690476</subfield>
  </datafield>
  <datafield tag="040" ind1=" " ind2=" ">
    <subfield code="a">DLC</subfield>
    <subfield code="b">eng</subfield>
    <subfield code="c">DLC</subfield>
    <subfield code="d">DLC-R</subfield>
    <subfield code="d">OCoLC</subfield>
    <subfield code="d">DLC</subfield>
    <subfield code="d">OCoLC</subfield>
    <subfield code="d">IEN</subfield>
  </datafield>
  <datafield tag="046" ind1=" " ind2=" ">
    <subfield code="f">1941</subfield>
  </datafield>
  <datafield tag="053" ind1=" " ind2="0">
    <subfield code="a">PL992.94.A5</subfield>
  </datafield>
  <datafield tag="100" ind1="1" ind2=" ">
    <subfield code="a">Yu, An-jin</subfield>
  </datafield>
  <datafield tag="400" ind1="1" ind2=" ">
    <subfield code="a">You, An-jin</subfield>
  </datafield>
  <datafield tag="400" ind1="1" ind2=" ">
    <subfield code="a">Yoo, An-Jin</subfield>
  </datafield>
  <datafield tag="400" ind1="1" ind2=" ">
    <subfield code="a">柳岸津</subfield>
  </datafield>
  <datafield tag="400" ind1="1" ind2=" ">
    <subfield code="a">유 안진</subfield>
  </datafield>
  <datafield tag="400" ind1="1" ind2=" ">
    <subfield code="a">유아진</subfield>
  </datafield>
  <datafield tag="400" ind1="1" ind2=" ">
    <subfield code="a">유안진</subfield>
  </datafield>
  <datafield tag="667" ind1=" " ind2=" ">
    <subfield code="a">Machine-derived non-Latin script reference project.</subfield>
  </datafield>
  <datafield tag="667" ind1=" " ind2=" ">
    <subfield code="a">Non-Latin script references not evaluated.</subfield>
  </datafield>
  <datafield tag="670" ind1=" " ind2=" ">
    <subfield code="a">Her Tarha, 1970.</subfield>
  </datafield>
  <datafield tag="670" ind1=" " ind2=" ">
    <subfield code="a">Her Hanʼguk chŏntʻong sahoe ŭi yua kyoyuk, 1990:</subfield>
    <subfield code="b">t.p. (Yu An-jin) colophon (grad., Sŏultae Taehagwŏn; Ph.D., Florida Churip Taehakkyo Taehagwŏn; prof., Sŏultae Kajŏngdae)</subfield>
  </datafield>
  <datafield tag="670" ind1=" " ind2=" ">
    <subfield code="a">Munhak tsj.</subfield>
    <subfield code="b">(Yu An-jin; b. 1941 in Kyŏngbuk Andong-gun; poet)</subfield>
  </datafield>
  <datafield tag="670" ind1=" " ind2=" ">
    <subfield code="a">Her Nagŭne talpit, 1989 (1990 printing):</subfield>
    <subfield code="b">t.p. (Yu An-jin) colophon (copyrighted by You-An-jin [in rom.])</subfield>
  </datafield>
  <datafield tag="670" ind1=" " ind2=" ">
    <subfield code="a">nuc85-60128: Author's Aptitude-treatment interaction in retention of English ... 1976</subfield>
    <subfield code="b">(hdg. on FTaSU rept.: Yoo, An-Jin, 1941- ; usage: An-Jin Yoo)</subfield>
  </datafield>
  <datafield tag="670" ind1=" " ind2=" ">
    <subfield code="a">Korea Research Foundation WWW Home Page, Jan. 28, 2008</subfield>
    <subfield code="b">(Yu An-jin [in Kor.]; b. Oct. 1, 1941; sŏksa, Sŏultae; paksa, Florida State University Kyoyuk Simnihak; prof., Sŏultae Sobija Adonghak; author of "Aptitude-Treatment Interaction in English...")</subfield>
  </datafield>
  <datafield tag="670" ind1=" " ind2=" ">
    <subfield code="a">Info. converted from 678, 2012-10-02</subfield>
    <subfield code="b">(b. 1941)</subfield>
  </datafield>
</record>